
% -- Libros

@book{sommerville2007software,
	title={Software engineering},
	author={Sommerville, Ian and others},
	year={2007},
	publisher={Addison-wesley}
}

% -- WebPages

@misc{nineGag,
	author = {{9GAG}},
	howpublished = {\url{https://9gag.com/}},
	note = {Online, Accedido: 15/01/2018},
	year = 2018
}

@misc{VOCPage,
	author = {{PASCAL}},
	title = {{The PASCAL Visual Object Classes Homepage}},
	howpublished = {\url{http://host.robots.ox.ac.uk/pascal/VOC}},
	note = {Online, Accedido: 13/01/2018},
	year = 2018
}

% -- Papers

@article{sokolova2009systematic,
	title={A systematic analysis of performance measures for classification tasks},
	author={Sokolova, Marina and Lapalme, Guy},
	journal={Information Processing \& Management},
	volume={45},
	number={4},
	pages={427--437},
	year={2009},
	publisher={Elsevier}
}

@inproceedings{rosenberg2007v,
	title={V-measure: A conditional entropy-based external cluster evaluation measure},
	author={Rosenberg, Andrew and Hirschberg, Julia},
	booktitle={Proceedings of the 2007 joint conference on empirical methods in natural language processing and computational natural language learning (EMNLP-CoNLL)},
	year={2007}
}

@article{rousseeuw1987silhouettes,
	title={Silhouettes: a graphical aid to the interpretation and validation of cluster analysis},
	author={Rousseeuw, Peter J},
	journal={Journal of computational and applied mathematics},
	volume={20},
	pages={53--65},
	year={1987},
	publisher={Elsevier}
}

@article{meyer2004comparison,
	title={Comparison of similarity coefficients used for cluster analysis with dominant markers in maize (Zea mays L)},
	author={Meyer, Andr{\'e}ia da Silva and Garcia, Antonio Augusto Franco and Souza, Anete Pereira de and Souza Jr, Cl{\'a}udio Lopes de},
	journal={Genetics and Molecular Biology},
	volume={27},
	number={1},
	pages={83--91},
	year={2004},
	publisher={SciELO Brasil}
}