%-- Libros

@book{android2008programmers,
	title={Android, a programmer's guide},
	author={J.F. DiMarzio},
	year={2008},
	publisher={McGraw Hill Professional}
}

@book{learningAndroid,
	title={Learning Android},
	author={Marko Gargenta},
	year={2011},
	publisher={O'REILLY}
}

%-- Articulos

@misc{numberAndroidApps,
	title = {Number of Android apps on Google Play},
	author = {AppBrain},
	howpublished = {\url{https://www.appbrain.com/stats/number-of-android-apps}},
	note = {Accedido: 15/10/2018}
}
